@article{Coates:2015,
	author = "Coates, J. and Butler, T. M.",
	journal = "Atmospheric Chemistry and Physics",
	number = "15",
	pages = "8795--8808",
	title = "{A comparison of chemical mechanisms using tagged ozone production potential ({TOPP}) analysis}",
	volume = "15",
	year = "2015"
}

@article{Emmons:2010,
    AUTHOR = {Emmons, L. K. and Walters, S. and Hess, P. G. and Lamarque, J.-F. and Pfister, G. G. and Fillmore, D. and Granier, C. and Guenther, A. and Kinnison, D. and Laepple, T. and Orlando, J. and Tie, X. and Tyndall, G. and Wiedinmyer, C. and Baughcum, S. L. and Kloster, S.},
    TITLE = "{Description and evaluation of the Model for Ozone and Related chemical Tracers, version 4 (MOZART-4)}",
    JOURNAL = {Geoscientific Model Development},
    VOLUME = {3},
    YEAR = {2010},
    NUMBER = {1},
    PAGES = {43--67},
}

@article{Guenther:2012,
    AUTHOR = {Guenther, A. B. and Jiang, X. and Heald, C. L. and Sakulyanontvittaya, T. and Duhl, T. and Emmons, L. K. and Wang, X.},
    TITLE = {{The Model of Emissions of Gases and Aerosols from Nature version 2.1 (MEGAN2.1): an extended and updated framework for modeling biogenic emissions}},
    JOURNAL = {Geoscientific Model Development},
    VOLUME = {5},
    YEAR = {2012},
    NUMBER = {6},
    PAGES = {1471--1492},
}

@article{Kuenen:2014,
    AUTHOR = {Kuenen, J. J. P. and Visschedijk, A. J. H. and Jozwicka, M. and Denier van der Gon, H. A. C.},
    TITLE = {{TNO-MACC\_II} emission inventory; a multi-year (2003--2009) consistent high-resolution European emission inventory for air quality modelling},
    JOURNAL = {Atmospheric Chemistry and Physics},
    VOLUME = {14},
    YEAR = {2014},
    NUMBER = {20},
    PAGES = {10963--10976},
}

@article{Simpson:2012,
	author = "Simpson, D. and Benedictow, A. and Berge, H. and Bergstr{\"o}m, R. and Emberson, L. D. and Fagerli, H. and Flechard, C. R. and Hayman, G. D. and Gauss, M. and Jonson, J. E. and Jenkin, M. E. and Ny{\'i}ri, A. and Richter, C. and Semeena, V. S. and Tsyro, S. and Tuovinen, J.-P. and Valdebenito, {\'A}. and Wind, P.",
	journal = "Atmospheric Chemistry and Physics",
	number = "16",
	pages = "7825--7865",
	title = "{The {EMEP MSC-W} chemical transport model -- technical description}",
	volume = "12",
	year = "2012"
}

@article{Pouliot:2015,
    title = "Analysis of the emission inventories and model-ready emission datasets of {Europe and North America} for phase 2 of the {AQMEII} project ",
    journal = "Atmospheric Environment ",
    volume = "115",
    pages = "345--360",
    year = "2015",
    issn = "1352-2310",
    author = "George Pouliot and Hugo A.C. Denier van der Gon and Jeroen Kuenen and Junhua Zhang and Michael D. Moran and Paul A. Makar",
}

@misc{MCM_Site,
	author = "Rickard, Andrew and Young, Jenny and Pilling, M. J. and Jenkin, M. E. and Pascoe, Stephen and Saunders, S. M.",
	howpublished = "\url{http://mcm.leeds.ac.uk/MCMv3.2/}",
	note = "[Online; accessed 25-March-2015]",
	title = "{The Master Chemical Mechanism Version MCM v3.2}",
	year = "2015"
}

@article{Pusede:2014,
	author = "Pusede, S. E. and Gentner, D. R. and Wooldridge, P. J. and Browne, E. C. and Rollins, A. W. and Min, K.-E. and Russell, A. R. and Thomas, J. and Zhang, L. and Brune, W. H. and Henry, S. B. and DiGangi, J. P. and Keutsch, F. N. and Harrold, S. A. and Thornton, J. A. and Beaver, M. R. and {St. Clair}, J. M. and Wennberg, P. O. and Sanders, J. and Ren, X. and VandenBoer, T. C. and Markovic, M. Z. and Guha, A. and Weber, R. and Goldstein, A. H. and Cohen, R. C.",
	journal = "Atmospheric Chemistry and Physics",
	number = "7",
	pages = "3373--3395",
	title = "{On the temperature dependence of organic reactivity, nitrogen oxides, ozone production, and the impact of emission controls in San Joaquin Valley, California}",
	volume = "14",
	year = "2014"
}

@article{Pusede:2015,
	author = "Pusede, Sally E. and Steiner, Allison L. and Cohen, Ronald C.",
	journal = "Chemical Reviews",
	number = "10",
	pages = "3898--3918",
	title = "{Temperature and Recent Trends in the Chemistry of Continental Surface Ozone}",
	volume = "115",
	year = "2015"
}

@article{Jenkin:2008,
    title = "{A Common Representative Intermediates (CRI) mechanism for VOC degradation. Part 1: Gas phase mechanism development}",
    journal = "Atmospheric Environment ",
    volume = "42",
    number = "31",
    pages = "7185 - 7195",
    year = "2008",
    issn = "1352-2310",
    author = "M.E. Jenkin and L.A. Watson and S.R. Utembe and D.E. Shallcross",
} 

@techreport{Yarwood:2005,
	author = "Yarwood, Greg and Rao, Sunja and Yocke, Mark and Whitten, Gary Z.",
	institution = "U. S Environmental Protection Agency",
	journal = "Report Number: RT-04-00675",
	location = "Novato, California",
	title = "{Updates to the Carbon Bond Chemical Mechanism: CB05}",
	year = "2005"
}

@article{Stockwell:1990,
    author = {Stockwell, William R. and Middleton, Paulette and Chang, Julius S. and Tang, Xiaoyan},
    title = {The second generation regional acid deposition model chemical mechanism for regional air quality modeling},
    journal = {Journal of Geophysical Research: Atmospheres},
    volume = {95},
    number = {D10},
    issn = {2156-2202},
    pages = {16343--16367},
    year = {1990},
}

@article{Guenther:2006,
    AUTHOR = {Guenther, A. and Karl, T. and Harley, P. and Wiedinmyer, C. and Palmer, P. I. and Geron, C.},
    TITLE = {{Estimates of global terrestrial isoprene emissions using MEGAN (Model of Emissions of Gases and Aerosols from Nature)}},
    JOURNAL = {Atmospheric Chemistry and Physics},
    VOLUME = {6},
    YEAR = {2006},
    NUMBER = {11},
    PAGES = {3181--3210},
}

@article{vonSchneidemesser:2016,
    title = "Variation of the {NMVOC} speciation in the solvent sector and the sensitivity of modelled tropospheric ozone",
    author = "von Schneidemesser, E. and Coates, J. and Visschedijk, A. J. H. and Denier van der Gon, H. A. C. and Butler, T. M.",
    journal = "Atmospheric Environment",
    volume = "Submitted for Publication",
    year = "2016",
}

@article{Jacob:2009,
    title = "Effect of climate change on air quality ",
    journal = "Atmospheric Environment ",
    volume = "43",
    number = "1",
    pages = "51 - 63",
    year = "2009",
    issn = "1352-2310",
    author = "Daniel J. Jacob and Darrell A. Winner",
}

@article {Sillman:1995,
    author = {Sillman, Sanford},
    title = {The use of {NOy}, {H2O2}, and {HNO3} as indicators for ozone-{NOx}-hydrocarbon sensitivity in urban locations},
    journal = {Journal of Geophysical Research: Atmospheres},
    volume = {100},
    number = {D7},
    issn = {2156-2202},
    pages = {14175--14188},
    year = {1995},
}

@article{Sillman:1995a,
	author = "Sillman, Sanford and Samson, Perry J.",
	issn = "2156-2202",
	journal = "Journal of Geophysical Research: Atmospheres",
	keywords = "Pollution: urban and regional; Troposphere: composition and chemistry; Troposphere: constituent transport and chemistry; Atmosphere",
	number = "D6",
	pages = "11497--11508",
	title = "{Impact of temperature on oxidant photochemistry in urban, polluted rural and remote environments}",
	volume = "100",
	year = "1995"
}

@article{Carter:1979,
    author = {William P. L. Carter and Arthur M. Winer and Karen R. Darnall and James N. Pitts Jr.},
    title = {Smog chamber studies of temperature effects in photochemical smog},
    journal = {Environmental Science \& Technology},
    volume = {13},
    number = {9},
    pages = {1094-1100},
    year = {1979},
} 

@article{Hatakeyama:1991,
    author = {Shiro Hatakeyama and Hajime Akimoto and Nobuaki Washida},
    title = {Effect of temperature on the formation of photochemical ozone in a propene-nitrogen oxide ({NOx})-air-irradiation system},
    journal = {Environmental Science \& Technology},
    volume = {25},
    number = {11},
    pages = {1884-1890},
    year = {1991},
}

@article{Sillman:1999,
    title = "The relation between ozone, {NOx} and hydrocarbons in urban and polluted rural environments ",
    journal = "Atmospheric Environment ",
    volume = "33",
    number = "12",
    pages = "1821 - 1845",
    year = "1999",
    issn = "1352-2310",
    author = "Sanford Sillman",
}

@article{Rasmussen:2013,
    author = {D. J. Rasmussen and Jianlin Hu and Abdullah Mahmud and Michael J. Kleeman},
    title = {The Ozoneâ€“Climate Penalty: Past, Present, and Future},
    journal = {Environmental Science \& Technology},
    volume = {47},
    number = {24},
    pages = {14258-14266},
    year = {2013},
}

@article{Dawson:2007,
    title = "{Sensitivity of ozone to summertime climate in the eastern USA: A modeling case study }",
    journal = "Atmospheric Environment ",
    volume = "41",
    number = "7",
    pages = "1494 - 1511",
    year = "2007",
    issn = "1352-2310",
    author = "John P. Dawson and Peter J. Adams and Spyros N. Pandis",
}

@article{Stockwell:1997,
    author = {Stockwell, William R. and Kirchner, Frank and Kuhn, Michael and Seefeld, Stephan},
    title = {A new mechanism for regional atmospheric chemistry modeling},
    journal = {Journal of Geophysical Research: Atmospheres},
    volume = {102},
    number = {D22},
    issn = {2156-2202},
    pages = {25847--25879},
    year = {1997},
}

@article{Goliff:2013,
    title = "The regional atmospheric chemistry mechanism, version 2 ",
    journal = "Atmospheric Environment ",
    volume = "68",
    pages = "174 - 185",
    year = "2013",
    issn = "1352-2310",
    author = "Wendy S. Goliff and William R. Stockwell and Charlene V. Lawson",
}

@article{Otero:2016,
  author={N. Otero and J. Sillmann and J. L. Schnell and H. W. Rust and T. Butler},
  title={Synoptic and meteorological drivers of extreme ozone concentrations over Europe},
  journal={Environmental Research Letters},
  volume={11},
  number={2},
  pages={024005},
  year={2016}, 
}

@article{Jenkin:2003,
    AUTHOR = {Jenkin, M. E. and Saunders, S. M. and Wagner, V. and Pilling, M. J.},
    TITLE = "{Protocol for the development of the Master Chemical Mechanism, MCM v3 (Part B): tropospheric degradation of aromatic volatile organic compounds}",
    JOURNAL = {Atmospheric Chemistry and Physics},
    VOLUME = {3},
    YEAR = {2003},
    NUMBER = {1},
    PAGES = {181--193},
}

@article{Jenkin:1997,
    title = "The tropospheric degradation of volatile organic compounds: a protocol for mechanism development ",
    journal = "Atmospheric Environment ",
    volume = "31",
    number = "1",
    pages = "81 - 104",
    year = "1997",
    issn = "1352-2310",
    author = "Michael E. Jenkin and Sandra M. Saunders and Michael J. Pilling",
}

@article{Saunders:2003,
    AUTHOR = {Saunders, S. M. and Jenkin, M. E. and Derwent, R. G. and Pilling, M. J.},
    TITLE = "{Protocol for the development of the Master Chemical Mechanism, MCM v3 (Part A): tropospheric degradation of non-aromatic volatile organic compounds}",
    JOURNAL = {Atmospheric Chemistry and Physics},
    VOLUME = {3},
    YEAR = {2003},
    NUMBER = {1},
    PAGES = {161--180},
}

@article{Wagner:2014,
    title = "{Biogenic and anthropogenic isoprene in the near-surface urban atmosphere â€” A case study in Essen, Germany}",
    journal = "Science of The Total Environment ",
    volume = "475",
    pages = "104 -- 115",
    year = "2014",
    issn = "0048-9697",
    author = "Patrick Wagner and Wilhelm Kuttler",
}

@article{Schnell:2015,
    AUTHOR = {Schnell, J. L. and Prather, M. J. and Josse, B. and Naik, V. and Horowitz, L. W. and Cameron-Smith, P. and Bergmann, D. and Zeng, G. and Plummer, D. A. and Sudo, K. and Nagashima, T. and Shindell, D. T. and Faluvegi, G. and Strode, S. A.},
    TITLE = {Use of North American and European air quality networks to evaluate global chemistry--climate modeling of surface ozone},
    JOURNAL = {Atmospheric Chemistry and Physics},
    VOLUME = {15},
    YEAR = {2015},
    NUMBER = {18},
    PAGES = {10581--10596},
}

@article {Rubin:2006,
    author = {Rubin, Juli I. and Kean, Andrew J. and Harley, Robert A. and Millet, Dylan B. and Goldstein, Allen H.},
    title = {Temperature dependence of volatile organic compound evaporative emissions from motor vehicles},
    journal = {Journal of Geophysical Research: Atmospheres},
    volume = {111},
    number = {D3},
    issn = {2156-2202},
    year = {2006},
    note = {D03305},
}

@article{Butler:2011,
    title = "Multi-day ozone production potential of volatile organic compounds calculated with a tagging approach ",
    journal = "Atmospheric Environment ",
    volume = "45",
    number = "24",
    pages = "4082 - 4090",
    year = "2011",
    issn = "1352-2310",
    author = "T.M. Butler and M.G. Lawrence and D. Taraborrelli and J. Lelieveld",
}

@article{Baklanov:2014,
	author = "Baklanov, A. and Schl{\"u}nzen, K. and Suppan, P. and Baldasano, J. and Brunner, D. and Aksoyoglu, S. and Carmichael, G. and Douros, J. and Flemming, J. and Forkel, R. and Galmarini, S. and Gauss, M. and Grell, G. and Hirtl, M. and Joffre, S. and Jorba, O. and Kaas, E. and Kaasik, M. and Kallos, G. and Kong, X. and Korsholm, U. and Kurganskiy, A. and Kushta, J. and Lohmann, U. and Mahura, A. and Manders-Groot, A. and Maurizi, A. and Moussiopoulos, N. and Rao, S. T. and Savage, N. and Seigneur, C. and Sokhi, R. S. and Solazzo, E. and Solomos, S. and S{\o}rensen, B. and Tsegas, G. and Vignati, E. and Vogel, B. and Zhang, Y.",
	journal = "Atmospheric Chemistry and Physics",
	number = "1",
	pages = "317--398",
	title = "{Online coupled regional meteorology chemistry models in Europe: current status and prospects}",
	volume = "14",
	year = "2014"
}

@article{Mar:2016,
    AUTHOR = {Mar, K. A. and Ojha, N. and Pozzer, A. and Butler, T. M.},
    TITLE = {Ozone air quality simulations with WRF-Chem (v3.5.1) over Europe: Model evaluation and chemical mechanism comparison},
    JOURNAL = {Geoscientific Model Development Discussions},
    VOLUME = {2016},
    YEAR = {2016},
    PAGES = {1--50},
}

@article{Carter:2015,
	author = "Carter, William P. L.",
	journal = "Journal of the Air \& Waste Management Association",
	title = "{Development of a Database for Chemical Mechanism Assignments for Volatile Organic Emissions}",
	volume = "0",
	year = "2015"
}

@article{vonSchneidemesser:2015,
	author = "von Schneidemesser, Erika and Monks, Paul S. and Allan, James D. and Bruhwiler, Lori and Forster, Piers and Fowler, David and Lauer, Axel and Morgan, William T. and Paasonen, Pauli and Righi, Mattia and Sindelarova, Katerina and Sutton, Mark A.",
	journal = "Chemical Reviews",
	note = "PMID: 25926133",
	title = "{Chemistry and the Linkages between Air Quality and Climate Change}",
	year = "2015"
}

@article{Atkinson:2000,
	author = "Atkinson, Roger",
	journal = "Atmospheric Environment",
	number = "12-14",
	pages = "2063--2101",
	title = "{Atmospheric chemistry of VOCs and NO$_{\text{x}}$}",
	volume = "34",
	year = "2000"
}

@article{Emmerson:2009,
    AUTHOR = {Emmerson, K. M. and Evans, M. J.},
    TITLE = {Comparison of tropospheric gas-phase chemistry schemes for use within global models},
    JOURNAL = {Atmospheric Chemistry and Physics},
    VOLUME = {9},
    YEAR = {2009},
    NUMBER = {5},
    PAGES = {1831--1845},
}
	
@article{Jacob:1993,
    title={{Factors regulating ozone over the United States and its export to the global atmosphere}},
  author={Jacob, Daniel J and Logan, Jennifer A and Gardner, Geraldine M and Yevich, Rose M and Spivakovsky, Clarisa M and Wofsy, Steven C and Sillman, Sanford and Prather, Michael J},
  journal={Journal of Geophysical Research},
  volume={98},
  number={D8},
  year={1993},
}

@article{Steiner:2006,
	author = "Steiner, Allison L. and Tonse, Shaheen and Cohen, Ronald C. and Goldstein, Allen H. and Harley, Robert A.",
	issn = "2156-2202",
	journal = "Journal of Geophysical Research: Atmospheres",
	keywords = "Pollution: urban and regional; Troposphere: composition and chemistry; Regional climate change; North America; regional climate change; tropospheric ozone",
	note = "D18303",
	number = "D18",
	title = "{Influence of future climate and emissions on regional air quality in California}",
	volume = "111",
	year = "2006"
}

@article{Karl:2003,
	author = {Karl, Thomas R. and Trenberth, Kevin E.},
	title = {Modern Global Climate Change},
	volume = {302},
	number = {5651},
	pages = {1719--1723},
	year = {2003},
	publisher = {American Association for the Advancement of Science},
	issn = {0036-8075},
	eprint = {http://science.sciencemag.org/content/302/5651/1719.full.pdf},
	journal = {Science}
}

@article{Sander:2005,
    AUTHOR = {Sander, R. and Kerkweg, A. and J\"ockel, P. and Lelieveld, J.},
    TITLE = {Technical note: The new comprehensive atmospheric chemistry module MECCA},
    JOURNAL = {Atmospheric Chemistry and Physics},
    VOLUME = {5},
    YEAR = {2005},
    NUMBER = {2},
    PAGES = {445--450},
}

@article{Kleinman:2005,
    title = "The dependence of tropospheric ozone production rate on ozone precursors ",
    journal = "Atmospheric Environment ",
    volume = "39",
    number = "3",
    pages = "575 - 586",
    year = "2005",
    issn = "1352-2310",
    author = "Lawrence I. Kleinman",
}

@article{Sadanaga:2005,
    author = {Yasuhiro Sadanaga and Ayako Yoshino and Shungo Kato and and Yoshizumi Kajii},
    title = {Measurements of OH Reactivity and Photochemical Ozone Production in the Urban Atmosphere},
    journal = {Environmental Science \& Technology},
    volume = {39},
    number = {22},
    pages = {8847-8852},
    year = {2005},
    note ={PMID: 16323785},
}

@article{Bonn:2016,
    AUTHOR = {Bonn, B. and von Schneidemesser, E. and Andrich, D. and Quedenau, J. and Gerwig, H. and L\"udecke, A. and Kura, J. and Pietsch, A. and Ehlers, C. and Klemp, D. and Kofahl, C. and Nothard, R. and Kerschbaumer, A. and Junkermann, W. and Grote, R. and Pohl, T. and Weber, K. and Lode, B. and Sch\"onberger, P. and Churkina, G. and Butler, T. M. and Lawrence, M. G.},
    TITLE = {BAERLIN2014 -- the influence of land surface types on and the horizontal
        heterogeneity of air pollutant levels in Berlin},
    JOURNAL = {Atmospheric Chemistry and Physics},
    VOLUME = {16},
    YEAR = {2016},
    NUMBER = {12},
    PAGES = {7785--7811},
}

@article{Lourens:2016,
	author = "Lourens, Alexandra S. M. and Tim M. Butler and J. Paul Beukes and Pieter G. van Zyl and Gerhard D. Fourie and Mark G. Lawrence",
	title = "{Investigating atmospheric photochemistry in the Johennesburg-Pretoria megacity using a box model}",
	year = "2016",
    journal = "South African Journal of Science",
    volume = "112",
    number = "1/2",
}

@article{Vautard:2005,
    title = "Simulation of ozone during the August 2003 heat wave and emission control scenarios ",
    journal = "Atmospheric Environment ",
    volume = "39",
    number = "16",
    pages = "2957 - 2967",
    year = "2005",
    author = "R. Vautard and C. HonorÃ© and M. Beekmann and L. Rouil",
}

@article {Solberg:2008,
    author = {Solberg, S. and Hov, {{\O}}. and SÃ¸vde, A. and Isaksen, I. S. A. and Coddeville, P. and De Backer, H. and Forster, C. and Orsolini, Y. and Uhse, K.},
    title = {European surface ozone in the extreme summer 2003},
    journal = {Journal of Geophysical Research: Atmospheres},
    volume = {113},
    number = {{D7}},
    issn = {2156-2202},
    year = {2008},
    note = {{D07307}},
}

@article{Vogel:1999,
  title={Findings on {NOy} as an indicator for ozone sensitivity},
  author={Vogel, B and Riemer, N and Vogel, H and Fiedler, F},
  journal={Journal of Geophysical Research},
  volume={104},
  number={D3},
  pages={3605--3620},
  year={1999}
}

@Article{Atkinson:1987,
    author="Atkinson, Roger and Aschmann, Sara M.  and Winer, Arthur M.",
    title="Alkyl nitrate formation from the reaction of a series of branched {RO2} radicals with {NO} as a function of temperature and pressure",
    journal="Journal of Atmospheric Chemistry",
    year="1987",
    volume="5",
    number="1",
    pages="91--102",
}

@article{Wang:2013,
    title = "Biogenic isoprene in subtropical urban settings and implications for air quality",
    journal = "Atmospheric Environment",
    volume = "79",
    pages = "369--379",
    year = "2013",
    issn = "1352-2310",
    author = "Jia_lin Wang and Clock Chew and Chih-Yuan Chang and Wei-Cheng Liao and Shih-Chun Candice Lung and Wei-Nai Chen and Po-Ju Lee and Po-Hsiung Lin and Chih-Ching Chang",
}

@article{Calfapietra:2013,
    title = "Role of Biogenic Volatile Organic Compounds (BVOC) emitted by urban trees on ozone concentration in cities: A review",
    journal = "Environmental Pollution",
    volume = "183",
    pages = "71 - 80",
    year = "2013",
    issn = "0269-7491",
    author = "C. Calfapietra and S. Fares and F. Manes and A. Morani and G. Sgrigna and F. Loreto",
}

@article{Borbon:2001,
    title = "An investigation into the traffic-related fraction of isoprene at an urban location",
    journal = "Atmospheric Environment",
    volume = "35",
    number = "22",
    pages = "3749 - 3760",
    year = "2001",
    issn = "1352-2310",
    author = "AgnÃ¨s Borbon and HervÃ© Fontaine and M Veillerot and N Locoge and J.C Galloo and RenÃ© Guillermo",
}

